<?xml version="1.0" encoding="UTF-8"?><record xmlns="http://www.loc.gov/MARC21/slim" xmlns:cinclude="http://apache.org/cocoon/include/1.0" xmlns:zs="http://www.loc.gov/zing/srw/">
  <leader>00711cz  a2200181n  4500</leader>
  <controlfield tag="001">n 2006050234</controlfield>
  <controlfield tag="003">DLC</controlfield>
  <controlfield tag="005">20100925074840.0</controlfield>
  <controlfield tag="008">060627n| acannaabn          |b aaa      </controlfield>
  <datafield tag="010" ind1=" " ind2=" ">
    <subfield code="a">n 2006050234</subfield>
  </datafield>
  <datafield tag="035" ind1=" " ind2=" ">
    <subfield code="a">(OCoLC)oca06981648</subfield>
  </datafield>
  <datafield tag="040" ind1=" " ind2=" ">
    <subfield code="a">DLC</subfield>
    <subfield code="b">eng</subfield>
    <subfield code="c">DLC</subfield>
    <subfield code="d">NNC</subfield>
  </datafield>
  <datafield tag="100" ind1="1" ind2=" ">
    <subfield code="a">Rudnit︠s︡kai︠a︡, O. A.</subfield>
  </datafield>
  <datafield tag="400" ind1="1" ind2=" ">
    <subfield code="a">Рудницкая, О. А.</subfield>
  </datafield>
  <datafield tag="400" ind1="1" ind2=" ">
    <subfield code="a">Rudnitskaya, O. A.</subfield>
  </datafield>
  <datafield tag="667" ind1=" " ind2=" ">
    <subfield code="a">Non-Latin script reference not evaluated.</subfield>
  </datafield>
  <datafield tag="670" ind1=" " ind2=" ">
    <subfield code="a">Zhiteneva, L. D. Ėvoli︠u︡t︠s︡ii︠a︡ krovi, 2001:</subfield>
    <subfield code="b">t.p. (O.A. Rudnit︠s︡kai︠a︡) verso t.p. (Master of Biology O.A. Rudnitskaya)</subfield>
  </datafield>
  <datafield tag="670" ind1=" " ind2=" ">
    <subfield code="a">Filosofskoe nasledie ... 2007:</subfield>
    <subfield code="b">colophon (О.А. Рудницкая = O.A. Rudnit︠s︡kai︠a︡)</subfield>
  </datafield>
</record>